<?xml version="1.0" encoding="UTF-8"?><collection><record><leader>03520ntm a2200481 a 4500</leader><controlfield tag="001">002641686</controlfield><controlfield tag="003">MiAaHDL</controlfield><controlfield tag="005">20190719000000.0</controlfield><controlfield tag="006">m        d        </controlfield><controlfield tag="007">cr bn ---auaua</controlfield><controlfield tag="008">930712s1793    xx            00||  ara d</controlfield><datafield tag="035" ind1=" " ind2=" "><subfield code="a">(MiU)002641686</subfield></datafield><datafield tag="035" ind1=" " ind2=" "><subfield code="a">sdr-miu002641686</subfield></datafield><datafield tag="035" ind1=" " ind2=" "><subfield code="a">(OCoLC)34366518</subfield></datafield><datafield tag="035" ind1=" " ind2=" "><subfield code="a">(RLIN)MIUH93-A156</subfield></datafield><datafield tag="040" ind1=" " ind2=" "><subfield code="a">MiU</subfield><subfield code="c">MiU</subfield><subfield code="e">appm</subfield><subfield code="d">MiU</subfield></datafield><datafield tag="100" ind1="1" ind2=" "><subfield code="6">880-01</subfield><subfield code="a">Qāḍī Zādah, Mūsá ibn Muḥammad,</subfield><subfield code="d">d. ca. 1436.</subfield></datafield><datafield tag="240" ind1="1" ind2="0"><subfield code="6">880-02</subfield><subfield code="a">Sharḥ al-mulakhkhaṣ</subfield></datafield><datafield tag="245" ind1="1" ind2="0"><subfield code="6">880-03</subfield><subfield code="a">Hādhā majmūʻ laṭīf fī fann al-hayʾah wa-al-ḥikmah :</subfield><subfield code="k">manuscript,</subfield><subfield code="f">[1793?].</subfield></datafield><datafield tag="300" ind1=" " ind2=" "><subfield code="a">1</subfield><subfield code="f">v. ([226] p.) :</subfield><subfield code="b">ill. ;</subfield><subfield code="c">23 cm.</subfield></datafield><datafield tag="500" ind1=" " ind2=" "><subfield code="a">Watermarks: Initials PP in roman; lion.</subfield></datafield><datafield tag="500" ind1=" " ind2=" "><subfield code="a">Contains astronomical diagrams.</subfield></datafield><datafield tag="500" ind1=" " ind2=" "><subfield code="a">Text overlined in red; substantial marginal notes in hand of copyist (same as that of Mich. Isl. Mss. 816,2-4).</subfield></datafield><datafield tag="500" ind1=" " ind2=" "><subfield code="a">Date in colophon: tammat fī 17 m[in] b[=Rajab?] sanat 1207 [i.e. 28 February? 1793].</subfield></datafield><datafield tag="500" ind1=" " ind2=" "><subfield code="a">For other copies of this text, see Mich. Isl. Mss. 754, 755, 805,4, and 817,1.</subfield></datafield><datafield tag="500" ind1=" " ind2=" "><subfield code="a">Pp. [1-98]. Bound with: [2] Short philosophical text, p. [99]; [3] Aḥmad ibn Muḥammad al-Fāzābādī, Commentary on a work on philosophical debate, p. [100]; [4] Treatise on astronomical measurements and surveying, pp. [102-226].</subfield></datafield><datafield tag="510" ind1="4" ind2=" "><subfield code="a">GAL,</subfield><subfield code="c">v. I, p. 624; GAL, Suppl. I, p. 865; King, Survey, p. 158</subfield></datafield><datafield tag="520" ind1=" " ind2=" "><subfield code="a">Commentary on al-Jighmīnī's Mulakhkhaṣ fī al-hayʾah, "a treatise on theoretical astronomy ... compiled in 618 H [i.e. 1221 or 2]." David A. King, A Survey of the Scientific Manuscripts in the Egyptian National Library (Winona Lake, 1986), p. 158.</subfield></datafield><datafield tag="538" ind1=" " ind2=" "><subfield code="a">Mode of access: Internet.</subfield></datafield><datafield tag="541" ind1=" " ind2=" "><subfield code="d">07/--/36</subfield><subfield code="3">Manuscript</subfield><subfield code="a">McGregor Fund</subfield><subfield code="c">Purchase, 1933/34</subfield><subfield code="h">50 p.t.</subfield></datafield><datafield tag="545" ind1=" " ind2=" "><subfield code="a">Rector of the university built at Samarkand by order of Ulugh Beg and later director of its observatory; teacher of Ulugh Beg.</subfield></datafield><datafield tag="561" ind1=" " ind2=" "><subfield code="a">1290[?] [i.e. 1873 or 4?]; inside cover, manuscript notes in handwriting of Max Meyerhof.</subfield></datafield><datafield tag="561" ind1=" " ind2=" "><subfield code="a">Purchased in Cairo, 1933/34. Owners' marks: on p. [1], owner's autograph: hādhā milk al-faqīr ilá mawlāhu al-sayyid al-sharīf al-ḥājj Maḥmūd Khān Najl Sulaymān Afandī al-Arīnī ... sanat 1224 [i.e. 1809 or 10]; on p. [1], in the same hand(?): hādhā al-kitāb law yubāʻ bi-mithlihi dhahaban la-kāna al-bāʾiʻ la-maghnūban; on p. [1], owner's autograph: hādhā al-kitāb al-jalīl mushtarī min al-ḥājj al-sayyid Muḥammad Tawfīq thamanuhu 54 ṣāgh kātibuhu ʻUthmān al-Mawlawī sanat</subfield></datafield><datafield tag="600" ind1="1" ind2="0"><subfield code="6">880-04</subfield><subfield code="a">Jighmīnī, Maḥmūd ibn Muḥammad,</subfield><subfield code="d">-1221?</subfield><subfield code="t">Mulakhkhaṣ fī al-hayʼah.</subfield></datafield><datafield tag="650" ind1=" " ind2="0"><subfield code="a">Astronomy, Arab</subfield><subfield code="y">Early works to 1800.</subfield></datafield><datafield tag="650" ind1=" " ind2="0"><subfield code="a">Manuscripts, Arabic</subfield><subfield code="z">Michigan</subfield><subfield code="z">Ann Arbor.</subfield></datafield><datafield tag="700" ind1="1" ind2="0"><subfield code="6">880-05</subfield><subfield code="a">Jighmīnī, Maḥmūd ibn Muḥammad,</subfield><subfield code="d">-1221?</subfield><subfield code="t">Mulakhkhaṣ fī al-hayʾah.</subfield></datafield><datafield tag="700" ind1="1" ind2=" "><subfield code="a">Meyerhof, Max,</subfield><subfield code="d">1874-1945,</subfield><subfield code="e">former owner.</subfield></datafield><datafield tag="773" ind1="0" ind2=" "><subfield code="a">Tracy W. McGregor Collection of Arabic, Persian, and Turkish Mathematical and Astronomical Manuscripts.</subfield><subfield code="7">unbc</subfield><subfield code="w">(CStRLIN)MIUH92-A20.</subfield></datafield><datafield tag="880" ind1="0" ind2="0"><subfield code="6">700-05/</subfield><subfield code="a">محمود بن محمد الجغميني.</subfield><subfield code="t">ملخص في الهيئة.</subfield></datafield><datafield tag="880" ind1="0" ind2="4"><subfield code="6">600-04/</subfield><subfield code="a">محمود بن محمد الجغميني.</subfield><subfield code="t">ملخص في الهيئة.</subfield></datafield><datafield tag="880" ind1="1" ind2="0"><subfield code="6">245-03/</subfield><subfield code="a">هذا مجموع لطيف في فن الهيئة والحكمة :</subfield><subfield code="k">manuscript،</subfield><subfield code="f">[1793?].</subfield></datafield><datafield tag="880" ind1="1" ind2="0"><subfield code="6">240-02/</subfield><subfield code="a">شرح الملخص</subfield></datafield><datafield tag="880" ind1="0" ind2=" "><subfield code="6">100-01/</subfield><subfield code="a">مومى بن محمد قاضي زاده.</subfield></datafield><datafield tag="CID" ind1=" " ind2=" "><subfield code="a">002641686</subfield></datafield><datafield tag="DAT" ind1="0" ind2=" "><subfield code="a">20190719102632.0</subfield><subfield code="b">20190719000000.0</subfield></datafield><datafield tag="DAT" ind1="1" ind2=" "><subfield code="a">20190719090653.0</subfield><subfield code="b">2019-07-19T16:10:49Z</subfield></datafield><datafield tag="DAT" ind1="2" ind2=" "><subfield code="a">2015-10-10T18:00:06Z</subfield></datafield><datafield tag="CAT" ind1=" " ind2=" "><subfield code="a">SDR-MIU</subfield><subfield code="d">EX LIBRIS - ALEPH</subfield><subfield code="l">prepare.pl-004-008</subfield></datafield><datafield tag="FMT" ind1=" " ind2=" "><subfield code="a">BK</subfield></datafield><datafield tag="HOL" ind1=" " ind2=" "><subfield code="0">sdr-miu002641686</subfield><subfield code="a">MiU</subfield><subfield code="b">SDR</subfield><subfield code="c">MIU</subfield><subfield code="p">mdp.39015078570085</subfield><subfield code="s">MIU</subfield><subfield code="1">002641686</subfield></datafield><datafield tag="974" ind1=" " ind2=" "><subfield code="b">MIU</subfield><subfield code="c">MIU</subfield><subfield code="d">20190719</subfield><subfield code="s">lit-dlps-dc</subfield><subfield code="u">mdp.39015078570085</subfield><subfield code="y">1793</subfield><subfield code="r">pd</subfield><subfield code="q">bib</subfield><subfield code="t">non-US bib date1 &lt; 1879</subfield></datafield></record></collection>